<collection xmlns="http://www.loc.gov/MARC21/slim">
<record>
  <leader>01167nam0a22002651i 450 </leader>
  <controlfield tag="001">IT\ICCU\CNCE\049997</controlfield>
  <controlfield tag="005">20130416000000.0</controlfield>
  <datafield tag="012" ind1=" " ind2=" ">
    <subfield code="a">sino i.i, o.a, SpVe (3) 1573 (A)</subfield>
    <subfield code="2">fei</subfield>
  </datafield>
  <datafield tag="100" ind1=" " ind2=" ">
    <subfield code="a">19991209d1573        0itac0103    ba</subfield>
  </datafield>
  <datafield tag="101" ind1=" " ind2=" ">
    <subfield code="a">ITA</subfield>
  </datafield>
  <datafield tag="102" ind1=" " ind2=" ">
    <subfield code="a">IT</subfield>
  </datafield>
  <datafield tag="200" ind1="1" ind2=" ">
    <subfield code="a">Rime di Pietro Paolo Porro gentil&apos;huomo milanese</subfield>
  </datafield>
  <datafield tag="210" ind1=" " ind2=" ">
    <subfield code="a">In Milano</subfield>
    <subfield code="c">per Paolo Gottardo Pontio</subfield>
    <subfield code="d">1573</subfield>
  </datafield>
  <datafield tag="215" ind1=" " ind2=" ">
    <subfield code="a">\2!, 81, \13! p.</subfield>
    <subfield code="d">4ʻ</subfield>
  </datafield>
  <datafield tag="620" ind1=" " ind2=" ">
    <subfield code="a">IT</subfield>
    <subfield code="d">Milano</subfield>
  </datafield>
  <datafield tag="700" ind1=" " ind2="1">
    <subfield code="a">Porro,</subfield>
    <subfield code="b">Pietro Paolo</subfield>
    <subfield code="3">IT\ICCU\CNCA\015730</subfield>
  </datafield>
  <datafield tag="712" ind1="0" ind2="0">
    <subfield code="a">Da_Ponte, Paolo Gottardo</subfield>
    <subfield code="3">IT\ICCU\CNCT\001755</subfield>
    <subfield code="4">650</subfield>
  </datafield>
  <datafield tag="790" ind1=" " ind2="1">
    <subfield code="a">Porrus,</subfield>
    <subfield code="b">Petrus Paulus</subfield>
    <subfield code="3">IT\ICCU\CNCA\023003</subfield>
    <subfield code="z">Porro, Pietro Paolo</subfield>
  </datafield>
  <datafield tag="791" ind1="0" ind2="0">
    <subfield code="a">Pontius, Paulus Gottardus</subfield>
    <subfield code="3">IT\ICCU\CNCT\003718</subfield>
    <subfield code="z">Da_Ponte, Paolo Gottardo</subfield>
  </datafield>
  <datafield tag="791" ind1="0" ind2="0">
    <subfield code="a">Ponte, Paolo Gottardo da</subfield>
    <subfield code="3">IT\ICCU\CNCT\003719</subfield>
    <subfield code="z">Da_Ponte, Paolo Gottardo</subfield>
  </datafield>
  <datafield tag="791" ind1="0" ind2="0">
    <subfield code="a">Pontio, Paolo Gottardo</subfield>
    <subfield code="3">IT\ICCU\CNCT\004498</subfield>
    <subfield code="z">Da_Ponte, Paolo Gottardo</subfield>
  </datafield>
  <datafield tag="791" ind1="0" ind2="0">
    <subfield code="a">Ponzio, Paolo Gottardo</subfield>
    <subfield code="3">IT\ICCU\CNCT\004500</subfield>
    <subfield code="z">Da_Ponte, Paolo Gottardo</subfield>
  </datafield>
  <datafield tag="791" ind1="0" ind2="0">
    <subfield code="a">Poncio, Pablo Gotardo</subfield>
    <subfield code="3">IT\ICCU\CNCT\004501</subfield>
    <subfield code="z">Da_Ponte, Paolo Gottardo</subfield>
  </datafield>
  <datafield tag="801" ind1=" " ind2="3">
    <subfield code="a">IT</subfield>
    <subfield code="b">ICCU</subfield>
    <subfield code="c">20201115</subfield>
  </datafield>
  <datafield tag="899" ind1=" " ind2=" ">
    <subfield code="a">Biblioteca nazionale Braidense. Milano</subfield>
    <subfield code="1">MI0185</subfield>
    <subfield code="2">MIL NB</subfield>
  </datafield>
</record>
</collection>
